@online{RubyOnRails,
title = {Ruby On Rails},
url = {https://rubyonrails.org/},
urldate = {March 14, 2024},
publisher = {Rails},
year = {2015}
}

@online{RubyLogo,
title = {Ruby},
url = {https://rubyonrails.org/},
urldate = {March 14, 2024},
publisher = {Ruby},
year = {2006}
}
